@book{DBLP:books/cs/Ullman88,
  author    = {Jeffrey D. Ullman},
  title     = {Principles of Database and Knowledge-Base Systems, Volume {I}},
  publisher = {Computer Science Press},
  year      = {1988},
  isbn      = {0-7167-8158-1},
  timestamp = {Thu, 03 Jan 2002 11:51:12 +0100},
  biburl    = {http://dblp.uni-trier.de/rec/bib/books/cs/Ullman88},
  bibsource = {dblp computer science bibliography, http://dblp.org}
}

@book{DBLP:books/cs/Ullman89,
  author    = {Jeffrey D. Ullman},
  title     = {Principles of Database and Knowledge-Base Systems, Volume {II}},
  publisher = {Computer Science Press},
  year      = {1989},
  isbn      = {0-7167-8162-X},
  timestamp = {Thu, 03 Jan 2002 11:51:12 +0100},
  biburl    = {http://dblp.uni-trier.de/rec/bib/books/cs/Ullman89},
  bibsource = {dblp computer science bibliography, http://dblp.org}
}




@article{taivalsaari1996classes,
	title={{Classes vs. Prototypes -- Some Philosophical and Historical Observations}},
	author={Taivalsaari, Antero},
	journal={Journal of Object-Oriented Programming},
	volume={10},
	number={7},
	pages={44--50},
	year={1996},
	publisher={Citeseer},
	note={\url{http://citeseerx.ist.psu.edu/viewdoc/download?doi=10.1.1.56.4713&rep=rep1&type=pdf}}
}


@article{Rodriguez2010,
	author    = {Marko A. Rodriguez and
	Peter Neubauer},
	title     = {Constructions from Dots and Lines},
	journal   = {CoRR},
	volume    = {abs/1006.2361},
	year      = {2010},
	url       = {http://arxiv.org/abs/1006.2361},
	timestamp = {Mon, 05 Dec 2011 18:05:28 +0100},
	biburl    = {http://dblp.uni-trier.de/rec/bib/journals/corr/abs-1006-2361},
	bibsource = {dblp computer science bibliography, http://dblp.org}
}

@misc{RodriguezSlides2012,
	author = {Marko Rodriguez},
	title = {{Titan: The Rise of Big Graph Data}},
	month = jun,
	year = {2012},
	howpublished = {\url{http://www.slideshare.net/slidarko/titan-the-rise-of-big-graph-data}}
}

@misc{RodriguezSlides2013,
	author = {Marko Rodriguez},
	title = {{On Graph Computing}},
	month = jan,
	year = {2013},
	howpublished = {\url{http://markorodriguez.com/2013/01/09/on-graph-computing/}}
}

@book{behalozva,
	author = {Barabási Albert-László},
	title = {Behálózva -- A hálózatok új tudománya},
	publisher = {Helikon Kiadó},
	year = {2013}
}

@misc{wiki:relacio,
	author = {Wikipédia},
	title = {Reláció},
	month = mar,
	year = {2015},
	howpublished = {\url{http://hu.wikipedia.org/wiki/Rel%C3%A1ci%C3%B3}}
}

@article{rodriguez2008mapping,
	title={{Mapping Semantic Networks to Undirected Networks}},
	author={Rodriguez, Marko A.},
	journal={arXiv preprint arXiv:0804.0277},
	year={2008}
}

@misc{autosar,
	title = {{AUTOSAR}},
	howpublished = {\url{http://www.autosar.org/}}
}

@misc{autosar-attendees,
	title = {Attendees},
	author = {{AUTOSAR}},
	howpublished = {\url{http://www.autosar.org/partners/current-partners/attendees/}}
}

@book{fowler2012refactoring,
	title={Refactoring: Improving the Design of Existing Code},
	author={Fowler, M. and Beck, K. and Brant, J. and Opdyke, W. and Roberts, D.},
	isbn={9780133065268},
	series={Addison-Wesley Object Technology Series},
	url={http://books.google.hu/books?id=HmrDHwgkbPsC},
	year={2012},
	publisher={Pearson Education}
}

@book{fowler1997uml,
	title={{UML} distilled: applying the standard object modeling language},
	author={Fowler, M. and Scott, K.},
	isbn={9780201325638},
	lccn={97014553},
	series={The Addison-Wesley object technology series},
	url={https://books.google.hu/books?id=JdEZAQAAIAAJ},
	year={1997},
	publisher={Addison Wesley Longman}
}




@article{DBLP:journals/scp/Harel87,
	author    = {David Harel},
	title     = {Statecharts: {A} Visual Formalism for Complex Systems},
	journal   = {Sci. Comput. Program.},
	volume    = {8},
	number    = {3},
	pages     = {231--274},
	year      = {1987},
	url       = {http://dx.doi.org/10.1016/0167-6423(87)90035-9},
	doi       = {10.1016/0167-6423(87)90035-9},
	timestamp = {Tue, 30 Aug 2011 17:13:49 +0200},
	biburl    = {http://dblp.uni-trier.de/rec/bib/journals/scp/Harel87},
	bibsource = {dblp computer science bibliography, http://dblp.org}
}

@inproceedings{DBLP:conf/hopl/Harel07,
	author    = {David Harel},
	title     = {Statecharts in the making: a personal account},
	booktitle = {Proceedings of the Third {ACM} {SIGPLAN} History of Programming Languages
	Conference (HOPL-III), San Diego, California, USA, 9-10 June 2007},
	pages     = {1--43},
	year      = {2007},
	crossref  = {DBLP:conf/hopl/2007},
	url       = {http://doi.acm.org/10.1145/1238844.1238849},
	doi       = {10.1145/1238844.1238849},
	timestamp = {Tue, 22 May 2012 15:24:55 +0200},
	biburl    = {http://dblp.uni-trier.de/rec/bib/conf/hopl/Harel07},
	bibsource = {dblp computer science bibliography, http://dblp.org}
}
@proceedings{DBLP:conf/hopl/2007,
	editor    = {Barbara G. Ryder and
	Brent Hailpern},
	title     = {Proceedings of the Third {ACM} {SIGPLAN} History of Programming Languages
	Conference (HOPL-III), San Diego, California, USA, 9-10 June 2007},
	publisher = {{ACM}},
	year      = {2007},
	url       = {http://dl.acm.org/citation.cfm?id=1238844},
	timestamp = {Tue, 22 May 2012 15:24:55 +0200},
	biburl    = {http://dblp.uni-trier.de/rec/bib/conf/hopl/2007},
	bibsource = {dblp computer science bibliography, http://dblp.org}
}

@inproceedings{DBLP:conf/fmoods/LatellaMM99,
	author    = {Diego Latella and
	Istv{\'{a}}n Majzik and
	Mieke Massink},
	title     = {Towards a Formal Operational Semantics of {UML} Statechart Diagrams},
	booktitle = {Formal Methods for Open Object-Based Distributed Systems, {IFIF} {TC6/WG6.1}
	Third International Conference on Formal Methods for Open Object-Based
	Distributed Systems (FMOODS), February 15-18, 1999, Florence, Italy},
	year      = {1999},
	crossref  = {DBLP:conf/fmoods/1999},
	timestamp = {Thu, 31 Jul 2003 13:51:39 +0200},
	biburl    = {http://dblp.uni-trier.de/rec/bib/conf/fmoods/LatellaMM99},
	bibsource = {dblp computer science bibliography, http://dblp.org}
}
@proceedings{DBLP:conf/fmoods/1999,
	editor    = {Paolo Ciancarini and
	Alessandro Fantechi and
	Roberto Gorrieri},
	title     = {Formal Methods for Open Object-Based Distributed Systems, {IFIF} {TC6/WG6.1}
	Third International Conference on Formal Methods for Open Object-Based
	Distributed Systems (FMOODS), February 15-18, 1999, Florence, Italy},
	series    = {{IFIP} Conference Proceedings},
	volume    = {139},
	publisher = {Kluwer},
	year      = {1999},
	isbn      = {0-7923-8429-6},
	timestamp = {Tue, 04 Mar 2003 07:57:24 +0100},
	biburl    = {http://dblp.uni-trier.de/rec/bib/conf/fmoods/1999},
	bibsource = {dblp computer science bibliography, http://dblp.org}
}

@inproceedings{DBLP:conf/acsd/DubrovinJ08,
	author    = {Jori Dubrovin and
	Tommi A. Junttila},
	title     = {Symbolic model checking of hierarchical {UML} state machines},
	booktitle = {8th International Conference on Application of Concurrency to System
	Design {(ACSD} 2008), Xi'an, China, June 23-27, 2008},
	pages     = {108--117},
	year      = {2008},
	crossref  = {DBLP:conf/acsd/2008},
	url       = {http://dx.doi.org/10.1109/ACSD.2008.4574602},
	doi       = {10.1109/ACSD.2008.4574602},
	timestamp = {Fri, 08 May 2015 15:30:10 +0200},
	biburl    = {http://dblp.uni-trier.de/rec/bib/conf/acsd/DubrovinJ08},
	bibsource = {dblp computer science bibliography, http://dblp.org}
}
@proceedings{DBLP:conf/acsd/2008,
	editor    = {Jonathan Billington and
	Zhenhua Duan and
	Maciej Koutny},
	title     = {8th International Conference on Application of Concurrency to System
	Design {(ACSD} 2008), Xi'an, China, June 23-27, 2008},
	publisher = {{IEEE}},
	year      = {2008},
	url       = {http://ieeexplore.ieee.org/xpl/mostRecentIssue.jsp?punumber=4562770},
	isbn      = {978-1-4244-1838-1},
	timestamp = {Fri, 08 May 2015 15:30:10 +0200},
	biburl    = {http://dblp.uni-trier.de/rec/bib/conf/acsd/2008},
	bibsource = {dblp computer science bibliography, http://dblp.org}
}

@inproceedings{DBLP:conf/lics/HarelPSS87,
	author    = {David Harel and
	Amir Pnueli and
	Jeanette P. Schmidt and
	Rivi Sherman},
	title     = {On the Formal Semantics of Statecharts (Extended Abstract)},
	booktitle = {Proceedings of the Symposium on Logic in Computer Science {(LICS}
	'87), Ithaca, New York, USA, June 22-25, 1987},
	pages     = {54--64},
	year      = {1987},
	crossref  = {DBLP:conf/lics/1987},
	timestamp = {Thu, 22 Jan 2015 10:46:55 +0100},
	biburl    = {http://dblp.uni-trier.de/rec/bib/conf/lics/HarelPSS87},
	bibsource = {dblp computer science bibliography, http://dblp.org}
}
@proceedings{DBLP:conf/lics/1987,
	title     = {Proceedings of the Symposium on Logic in Computer Science {(LICS}
	'87), Ithaca, New York, USA, June 22-25, 1987},
	publisher = {{IEEE} Computer Society},
	year      = {1987},
	timestamp = {Tue, 19 Nov 2013 18:10:37 +0100},
	biburl    = {http://dblp.uni-trier.de/rec/bib/conf/lics/1987},
	bibsource = {dblp computer science bibliography, http://dblp.org}
}

@article{samak2008practical,
	title={Practical {UML} Statecharts in {C}/{C}++},
	author={Samek, Miro},
	journal={Event-Driven Programming for Embedded Systems. Second Edition. Newnes},
	year={2008}
}

@inproceedings{knight1997formal,
	title={Why are formal methods not used more widely?},
	author={Knight, John C and DeJong, Colleen L and Gibble, Matthew S and Nakano, Luis G},
	booktitle={Fourth NASA formal methods workshop},
	year={1997},
	organization={Citeseer}
}

@inproceedings{DBLP:conf/icre/NobeW96,
	author    = {C. R. Nobe and
	William E. Warner},
	title     = {Lessons Learned from a Trial Application of Requirements Modeling
	Using Statecharts},
	booktitle = {Proceedings of the 2nd International Conference on Requirements Engineering,
	{ICRE} '96, Colorado Springs, Colorado, USA, April 15-18, 1996},
	pages     = {86--93},
	year      = {1996},
	crossref  = {DBLP:conf/icre/1996},
	url       = {http://dx.doi.org/10.1109/ICRE.1996.491433},
	doi       = {10.1109/ICRE.1996.491433},
	timestamp = {Fri, 24 Apr 2015 14:24:49 +0200},
	biburl    = {http://dblp.uni-trier.de/rec/bib/conf/icre/NobeW96},
	bibsource = {dblp computer science bibliography, http://dblp.org}
}
@proceedings{DBLP:conf/icre/1996,
	title     = {Proceedings of the 2nd International Conference on Requirements Engineering,
	{ICRE} '96, Colorado Springs, Colorado, USA, April 15-18, 1996},
	publisher = {{IEEE} Computer Society},
	year      = {1996},
	url       = {http://ieeexplore.ieee.org/xpl/mostRecentIssue.jsp?punumber=3526},
	isbn      = {0-8186-7252-8},
	timestamp = {Tue, 30 Sep 2014 17:11:24 +0200},
	biburl    = {http://dblp.uni-trier.de/rec/bib/conf/icre/1996},
	bibsource = {dblp computer science bibliography, http://dblp.org}
}


@article{sohn2000comparative,
	title={A Comparative Study of Formal Methods for Safety Critical Software in Nuclear Power Plant},
	author={Sohn, Sedo and Seong, PoongHyun},
	journal={Journal of the Korean Nuclear Society},
	volume={32},
	number={6},
	pages={537--548},
	year={2000},
	publisher={Korean Nuclear Society}
}


@book{tukey77,
	added-at = {2009-10-28T04:42:52.000+0100},
	author = {Tukey, John W.},
	biburl = {http://www.bibsonomy.org/bibtex/2e0c6e346a4594eb8f0bc71a6e65366fb/jwbowers},
	citeulike-article-id = {107137},
	date-added = {2007-09-03 22:45:16 -0500},
	date-modified = {2007-09-03 22:45:16 -0500},
	interhash = {69fff218408c5eda560e267ff0099dec},
	intrahash = {e0c6e346a4594eb8f0bc71a6e65366fb},
	keywords = {eda statistics},
	publisher = {Addison-Wesley},
	timestamp = {2009-10-28T04:43:20.000+0100},
	title = {Exploratory Data Analysis},
	year = 1977
}

@misc{uml-diagrams,
	author = "Kirill Fakhroutdinov",
	title = "The {U}nified {M}odeling {L}anguage",
	year = "2016",
	url={http://www.uml-diagrams.org/}
}


@techreport{UML,
	author = {Object Management Group},
	institution = {Object Management Group},
	number = {ISO/IEC 19505-2:2012},
	title = {Information technology -- {O}bject {M}anagement {G}roup {U}nified {M}odeling {L}anguage ({OMG UML}) -- Part 2: Superstructure},
	url={http://www.omg.org/spec/UML/ISO/19505-2/PDF/},
	year = {2012}
}

@techreport{IEEE-24765,
	title = {{ISO/IEC/IEEE} 24765: Systems and software engineering -- {V}ocabulary},
	year = {2010},
	type = {Szabvány},
	xxxurl = {https://www.cse.msu.edu/~cse435/Handouts/Standards/IEEE24765.pdf},
}

@ARTICLE{Lamport:1977,
	author={Lamport, Leslie},
	journal={IEEE Transactions on Software Engineering},
	title={Proving the Correctness of Multiprocess Programs},
	year={1977},
	volume={SE-3},
	number={2},
	pages={125-143},
	doi={10.1109/TSE.1977.229904},
	xxxISSN={0098-5589},
}

@techreport{HTB-glossary,
	institution = {{Magyar Szoftvertesztelői Tanács Egyesület}},
	title = {Szoftvertesztelés egységesített kifejezéseinek gyűjteménye},
	editor = {Gábor Kapros},
	year = {2014},
	type = {Szószedet},
	url = {http://www.hstqb.com/images/d/d8/HTB-Glossary-3_2.pdf},
}

@article{Wong:2003,
	author = {William Wong},
	title = {{MISRA} {C}: {S}afer Is Better},
	year = {2003},
	journal = {Electronic Design},
	url = {http://electronicdesign.com/embedded/misra-c-safer-better},
}

@phdthesis{PapZsigmondPhD,
	author = {Zsigmond Pap},
	title = {Biztonságossági kritériumok ellenőrzése UML környezetben},
	school = {Budapest University of Technology and Economics},
	year = 2006,
	url = {https://repozitorium.omikk.bme.hu/handle/10890/595}
}

@phdthesis{PinterGergelyPhD,
	author = {Gergely Pintér},
	title = {Model based program synthesis and runtime error detection for dependable embedded systems},
	school = {Budapest University of Technology and Economics},
	year = 2007,
	url = {https://repozitorium.omikk.bme.hu/handle/10890/636}
}

@book{SysML,
	title={A practical guide to {SysML}: {S}ystems {M}odeling {L}anguage},
	author={Friedenthal, Sanford and Moore, Alan and Steiner, Rick},
	year={2014},
	publisher={Morgan Kaufmann}
}

@techreport{AADL,
	title={The architecture analysis \& design language (AADL): An introduction},
	author={Feiler, Peter H. and Gluch, David P. and Hudak, John J.},
	year={2006},
	institution={DTIC Document}
}

@techreport{FleinerJegyzet,
	title={A sz\'{a}m\'{\i}t\'{a}studom\'{a}ny alapjai},
	author={Tam\'{a}s, Fleiner},
	year={2014},
	institution={Budapesti Műszaki és Gazdaságtudományi Egyetem},
	howpublished={\url{http://www.cs.bme.hu/~fleiner/jegyzet/}},
	type={Jegyzet}
}

@misc{wiki:ISE,
	author = "Wikibooks",
	title = "Introduction to Software Engineering --- Wikibooks{,} The Free Textbook Project",
	year = "2015",
	url = "https://en.wikibooks.org/w/index.php?title=Introduction_to_Software_Engineering",
	note = "[Online; accessed 16-February-2016]"
}


@misc{loc-infographic,
	author = "Co.Design",
	title = "Infographic: How Many Lines Of Code Is Your Favorite App?",
	year = "2016",
	howpublished = {\url{http://www.fastcodesign.com/3021256/infographic-of-the-day/}}
}


@misc{BKK:metro,
	author = "Budapesti Közlekedési Központ",
	title = "Budapest metró- és {HÉV}-hálózata",
	year = "2016",
	url = "http://www.bkk.hu/apps/docs/terkep/metro.pdf"
}

@standard{omg2011bpmn,
	added-at = {2013-02-22T22:42:18.000+0100},
	author = {OMG},
	biburl = {http://www.bibsonomy.org/bibtex/2d71e28d8b21b73a067683ba4bfe0321a/porta},
	file = {omg2011bpmn.pdf:omg2011bpmn.pdf:PDF},
	groups = {public},
	institution = {Object Management Group},
	interhash = {3dc7b0ecb231121716362e43297fd70a},
	intrahash = {d71e28d8b21b73a067683ba4bfe0321a},
	keywords = {omg standard bpmn},
	month = {January},
	organization = {Object Management Group},
	revision = {2.0},
	timestamp = {2013-03-01T23:25:34.000+0100},
	title = {{Business Process Model and Notation (BPMN), Version 2.0}},
	url = {http://www.omg.org/spec/BPMN/2.0},
	username = {porta},
	year = 2011
}


@misc{wiki:Gantt,
	author = "Wikipedia",
	title = "Gantt chart",
	year = "2016",
	url = "https://en.wikipedia.org/wiki/Gantt_chart"
}

@techreport{ISTQB_syllabus,
	author = {{International Software Testing Qualifications Board}},
	title = {Certified Tester -- {F}oundation Level Syllabus},
	year = {2011},
	type = {Jegyzet},
	url = {http://www.istqb.org/downloads/send/2-foundation-level-documents/3-foundation-level-syllabus-2011.html4},
}

@book{DBLP:books/mk/Gray93,
	editor    = {Jim Gray},
	title     = {The Benchmark Handbook for Database and Transaction Systems (2nd Edition)},
	publisher = {Morgan Kaufmann},
	year      = {1993},
	isbn      = {1-55860-292-5},
	timestamp = {Thu, 03 Jan 2002 11:51:33 +0100},
	biburl    = {http://dblp.uni-trier.de/rec/bib/books/mk/Gray93},
	bibsource = {dblp computer science bibliography, http://dblp.org}
}

@misc{wiki:benchmark,
	author = {Wikipedia},
	title = {Benchmark (computing)},
	month = apr,
	year = {2016},
	howpublished = {\url{https://en.wikipedia.org/wiki/Benchmark_(computing)}}
}

@misc{HBR:ITProjects,
	author = {Bent Flyvbjerg and Alexander Budzier},
	publisher = {Harvard Business Review},
	title = {Why Your {IT} Project May Be Riskier Than You Think},
	howpublished = {\url{https://hbr.org/2011/09/why-your-it-project-may-be-riskier-than-you-think/ar}},
	year = {2011},
	month = {October},
}

@book{Parr:2013:DAR:2501720,
	author = {Parr, Terence},
	title = {The Definitive ANTLR 4 Reference},
	year = {2013},
	isbn = {1934356999, 9781934356999},
	edition = {2nd},
	publisher = {Pragmatic Bookshelf},
}

@misc{Xtext,
	title = {{Xtext -- Language Engineering Made Easy!}},
	howpublished = {\url{http://www.eclipse.org/Xtext/}}
}

@book{demarco2013peopleware,
	title={Peopleware: Productive Projects and Teams},
	author={DeMarco, T. and Lister, T.},
	isbn={9780133440737},
	url={https://books.google.hu/books?id=TVQUAAAAQBAJ},
	year={2013},
	publisher={Pearson Education}
}

@book{brooks1995mythical,
	title={The Mythical Man-Month, Anniversary Edition: Essays On Software Engineering},
	author={Brooks, F.P.},
	isbn={9780132119160},
	url={https://books.google.hu/books?id=Yq35BY5Fk3gC},
	year={1995},
	publisher={Pearson Education}
}

@inproceedings{vlhcc05_vsv,
	author = {Gergely Varr{\'o} and Andy Sch{\"u}rr and D{\'a}niel Varr{\'o}},
	title = {Benchmarking for Graph Transformation},
	booktitle = {Proc. IEEE Symposium on Visual Languages and Human-Centric Computing (VL/HCC 05)},
	pages = {79--88},
	year = {2005},
	address =	{Dallas, Texas, USA},
	month = {September},
	publisher = {IEEE Press}
}

@inproceedings{DBLP:conf/staf/SzarnyasSRV15,
	author    = {G{\'{a}}bor Sz{\'{a}}rnyas and
	Oszk{\'{a}}r Semer{\'{a}}th and
	Istv{\'{a}}n R{\'{a}}th and
	D{\'{a}}niel Varr{\'{o}}},
	title     = {The {TTC} 2015 {T}rain {B}enchmark Case for Incremental Model Validation},
	booktitle = {Proceedings of the 8th Transformation Tool Contest, a part of the
	Software Technologies: Applications and Foundations {(STAF} 2015)
	federation of conferences, L'Aquila, Italy, July 24, 2015.},
	pages     = {129--141},
	year      = {2015},
	crossref  = {DBLP:conf/staf/2015ttc},
	url       = {http://ceur-ws.org/Vol-1524/paper2.pdf},
	timestamp = {Fri, 11 Dec 2015 15:16:31 +0100},
	biburl    = {http://dblp.uni-trier.de/rec/bib/conf/staf/SzarnyasSRV15},
	bibsource = {dblp computer science bibliography, http://dblp.org}
}

@proceedings{DBLP:conf/staf/2015ttc,
	editor    = {Louis M. Rose and
	Tassilo Horn and
	Filip Krikava},
	title     = {Proceedings of the 8th Transformation Tool Contest,
	Software Technologies: Applications and Foundations {(STAF)}
	federation of conferences, L'Aquila, Italy},
	series    = {{CEUR} Workshop Proceedings},
	volume    = {1524},
	publisher = {CEUR-WS.org},
	year      = {2015},
	url       = {http://ceur-ws.org/Vol-1524},
	timestamp = {Fri, 11 Dec 2015 15:14:39 +0100},
	biburl    = {http://dblp.uni-trier.de/rec/bib/conf/staf/2015ttc},
	bibsource = {dblp computer science bibliography, http://dblp.org}
}
